<record><leader>03037cam a2200445 a 4500</leader><controlfield tag="001">6775817</controlfield><controlfield tag="003">OCoLC</controlfield><controlfield tag="005">20150105150607.0</controlfield><controlfield tag="008">140402t20152015onca     b    001 0 eng  </controlfield><datafield ind1=" " ind2=" " tag="010"><subfield code="a">  2014937347</subfield></datafield><datafield ind1=" " ind2=" " tag="015"><subfield code="a">GBB487916</subfield><subfield code="2">bnb</subfield></datafield><datafield ind1=" " ind2=" " tag="015"><subfield code="a">GBB488955</subfield><subfield code="2">bnb</subfield></datafield><datafield ind1=" " ind2=" " tag="016"><subfield code="a">20149023189</subfield></datafield><datafield ind1="7" ind2=" " tag="016"><subfield code="a">016830415</subfield><subfield code="2">Uk</subfield></datafield><datafield ind1="7" ind2=" " tag="016"><subfield code="a">016831451</subfield><subfield code="2">Uk</subfield></datafield><datafield ind1=" " ind2=" " tag="020"><subfield code="a">9781771880626</subfield><subfield code="q">bound</subfield></datafield><datafield ind1=" " ind2=" " tag="020"><subfield code="a">1771880627</subfield><subfield code="q">bound</subfield></datafield><datafield ind1=" " ind2=" " tag="040"><subfield code="a">AU@</subfield><subfield code="b">eng</subfield><subfield code="c">AU@</subfield><subfield code="d">OCLCO</subfield><subfield code="d">YDXCP</subfield><subfield code="d">NLC</subfield><subfield code="d">DLC</subfield><subfield code="d">BTCTA</subfield><subfield code="d">UKMGB</subfield><subfield code="d">BDX</subfield><subfield code="d">OCLCF</subfield><subfield code="d">LTSCA</subfield><subfield code="d">OCLCQ</subfield><subfield code="d">UAB</subfield></datafield><datafield ind1=" " ind2="4" tag="050"><subfield code="a">QH527</subfield><subfield code="b">.S64 2015</subfield></datafield><datafield ind1=" " ind2="0" tag="055"><subfield code="a">QH527</subfield><subfield code="b">S64 2014</subfield></datafield><datafield ind1="0" ind2="4" tag="082"><subfield code="a">612/.022</subfield><subfield code="2">23</subfield></datafield><datafield ind1=" " ind2=" " tag="090"><subfield code="a">QH 527 S64 2015</subfield><subfield code="b">AEU</subfield></datafield><datafield ind1="0" ind2="0" tag="245"><subfield code="a">Sleep, circadian rhythms, and metabolism :</subfield><subfield code="b">the rhythm of life /</subfield><subfield code="c">edited by William Olds.</subfield></datafield><datafield ind1=" " ind2="1" tag="264"><subfield code="a">Toronto :</subfield><subfield code="b">Apple Academic Press,</subfield><subfield code="c">[2015]</subfield></datafield><datafield ind1=" " ind2="4" tag="264"><subfield code="c">&#169;2015</subfield></datafield><datafield ind1=" " ind2=" " tag="300"><subfield code="a">xxvi, 349 pages :</subfield><subfield code="b">illustrations ;</subfield><subfield code="c">24 cm</subfield></datafield><datafield ind1=" " ind2=" " tag="336"><subfield code="a">text</subfield><subfield code="b">txt</subfield><subfield code="2">rdacontent</subfield></datafield><datafield ind1=" " ind2=" " tag="337"><subfield code="a">unmediated</subfield><subfield code="b">n</subfield><subfield code="2">rdamedia</subfield></datafield><datafield ind1=" " ind2=" " tag="338"><subfield code="a">volume</subfield><subfield code="b">nc</subfield><subfield code="2">rdacarrier</subfield></datafield><datafield ind1=" " ind2=" " tag="504"><subfield code="a">Includes bibliographical references and index.</subfield></datafield><datafield ind1="0" ind2=" " tag="505"><subfield code="a">Machine generated contents note: pt. I Introduction: The Watch Inside all of Us -- 1. Regulation of Prokineticin 2 Expression by Light and the Circadian Clock / Qun-Yong Zhou -- 2. Circadian Signatures in Rat Liver: From Gene Expression to Pathways / Ioannis P. Androulakis -- 3. Body Weight, Metabolism, and Clock Genes / Sandra M.F. Villares -- pt. II Metabolism at Night versus the Morning -- 4. Circadian Desynchrony Promotes Metabolic Disruption in a Mouse Model of Shiftwork / Henrik Oster -- 5. Circadian Rhythms and Obesity in Mammals / Oren Froy -- 6. Food and the Circadian Activity of the Hypothalamic-Pituitary-Adrenal Axis / A.C. Moreira -- 7. Circadian and Dark-Pulse Activation of Orexin/Hypocretin Neurons / Hugh D. Piggins -- 8. Meal Time Shift Disturbs Circadian Rhythmicity Along with Metabolic and Behavioral Alterations in Mice / Sehyung Cho -- 9.A Metabolic--Transcriptional Network Links Sleep and Cellular Energetics in the Brain / Jonathan P. Wisor.</subfield></datafield><datafield ind1="0" ind2=" " tag="505"><subfield code="a">Contents note continued: pt. III Effects of Artificial Light and Sleep Disruption on Metabolism -- 10. Pathophysiology and Pathogenesis of Circadian Rhythm Sleep Disorders / Kazuo Mishima -- 11. Shift Work, Jet Lag, and Female Reproduction / Megan M. Mahoney -- 12.A New Approach to Understanding the Impact of Circadian Disruption on Human Health / John D. Bullough -- 13. Waking and Sleeping in the Rat Made Obese Through a High-Fat Hypercaloric Diet / Roberto Amici -- 14. Effect of Sleep Deprivation on Brain Metabolism of Depressed Patients / William E. Bunney, Jr.</subfield></datafield><datafield ind1=" " ind2=" " tag="596"><subfield code="a">42 48</subfield></datafield><datafield ind1=" " ind2="0" tag="650"><subfield code="a">Circadian rhythms.</subfield></datafield><datafield ind1=" " ind2="0" tag="650"><subfield code="a">Sleep.</subfield></datafield><datafield ind1=" " ind2="0" tag="650"><subfield code="a">Metabolism.</subfield></datafield><datafield ind1="1" ind2=" " tag="700"><subfield code="a">Olds, William.</subfield></datafield><datafield ind1=" " ind2=" " tag="949"><subfield code="a">QH 527 S64 2015</subfield><subfield code="c">1</subfield><subfield code="h">UAHL-B</subfield><subfield code="i">0162035220027</subfield></datafield><datafield ind1=" " ind2=" " tag="926"><subfield code="a">QH 527 S64 2015</subfield><subfield code="w">LC</subfield><subfield code="c">1</subfield><subfield code="i">0162035220027</subfield><subfield code="l">ON_SHELF</subfield><subfield code="m">UAHLTHSC</subfield><subfield code="p">$150.00</subfield><subfield code="r">Y</subfield><subfield code="s">Y</subfield><subfield code="t">BOOK</subfield><subfield code="u">1/14/2015</subfield></datafield><datafield ind1=" " ind2=" " tag="926"><subfield code="a">QH 527 S64 2015</subfield><subfield code="w">LC</subfield><subfield code="c">1</subfield><subfield code="i">0162035229713</subfield><subfield code="l">ON_SHELF</subfield><subfield code="m">UASCITECH</subfield><subfield code="p">$150.00</subfield><subfield code="r">Y</subfield><subfield code="s">Y</subfield><subfield code="t">BOOK</subfield><subfield code="u">2/4/2015</subfield></datafield></record>